
@inproceedings{ref1,
author = {demir, Muhammed and Cankirli, Aysenur and Karabatak, Begum and Yavariabdi, Amir and Mendi, Engin and Kusetogullari, Huseyin},
year = {2018},
month = {09},
pages = {},
title = {Real-Time Resistor Color Code Recognition using Image Processing in Mobile Devices},
doi = {10.1109/IS.2018.8710533}
}

@article{ref2,
author = {Wu, QingE and Fang, Zhenggaoyuan and Song, Zhichao and Chen, Hu and Lu, Yingbo and Zhou, Lintao and Qian, Xiaoliang},
year = {2023},
month = {12},
pages = {},
title = {A color extraction algorithm by segmentation},
volume = {13},
journal = {Scientific Reports},
doi = {10.1038/s41598-023-48689-y}
}

% https://www.electronicsforu.com/electronics-projects/resistor-colour-code
@online{ref3,
  title        = {Kaggle Dataset: Resistors},
  url          = {https://www.kaggle.com/datasets/barrettotte/resistors?resource=download&select=train.csv},
  year         = {2023}
}

@online{ref4,
  title        = {Beginners Guide to Resistor Colour Codes},
  url          = {https://www.electronicsforu.com/electronics-projects/resistor-colour-code},
  year         = {2023}
}

@online{ref5,
  title        = {OpenCV Canny Edge Detector},
  url          = {https://docs.opencv.org/3.4/da/d5c/tutorial_canny_detector.html},
}

@online{ref6,
  title        = {OpenCV Hough Line Transform},
  url          = {https://docs.opencv.org/3.4/d9/db0/tutorial_hough_lines.html},
}
